@article{AngGZPH13,
  author = {Ang, Hock Hee and Gopalkrishnan, Vivekanand and Zliobaite, Indre and Pechenizkiy, Mykola and Hoi, Steven C. H.},
  journal = {IEEE Trans. Knowl. Data Eng.},
  number = 10,
  pages = {2343-2355},
  title = {Predictive Handling of Asynchronous Concept Drifts in Distributed Environments.},
  volume = 25,
  year = 2013
}

@inproceedings{baena2006early,
  title={Early drift detection method},
  author={Baena-Garcia, Manuel and del Campo-{A}vila, Jos{e} and Fidalgo, Ra{u}l and Bifet, Albert and Gavalda, R and Morales-Bueno, R},
  booktitle={Fourth International Workshop on Knowledge Discovery from Data Streams},
  volume={6},
  pages={77--86},
  year={2006}
}

@inproceedings{nishida2007detecting,
  title={Detecting concept drift using statistical testing},
  author={Nishida, Kyosuke and Yamauchi, Koichiro},
  booktitle={International conference on discovery science},
  pages={264--269},
  year={2007},
  organization={Springer}
}

@incollection{gama2004learning,
  title={Learning with {d}rift {d}etection},
  author={Gama, Joao and Medas, Pedro and Castillo, Gladys and Rodrigues, Pedro},
  booktitle={Advances in {a}rtificial {i}ntelligence--{SBIA}},
  pages={286--295},
  year={2004},
  publisher={Springer}
}

@inproceedings{ROSS,
  author    = {Ross B. Girshick and
               Jeff Donahue and
               Trevor Darrell and
               Jitendra Malik},
  title     = {Rich Feature Hierarchies for Accurate Object Detection and Semantic
               Segmentation},
  booktitle = {{IEEE} Conference on Computer Vision and Pattern Recognition,
               ({CVPR}), Columbus, OH, USA, June 23-28, 2014},
  pages     = {580--587},
  year      = {2014}
}



@inproceedings{klinkenberg2000detecting,
  title={Detecting Concept Drift with Support Vector Machines.},
  author={Klinkenberg, Ralf and Joachims, Thorsten},
  booktitle={ICML},
  pages={487--494},
  year={2000}
}

@article{dries2009adaptive,
  title={Adaptive concept drift detection},
  author={Dries, Anton and R{\"u}ckert, Ulrich},
  journal={Statistical Analysis and Data Mining: The ASA Data Science Journal},
  volume={2},
  number={5-6},
  pages={311--327},
  year={2009},
  publisher={Wiley Online Library}
}

@inproceedings{Deva,
  author    = {Bharath Hariharan and
               Jitendra Malik and
               Deva Ramanan},
  title     = {Discriminative Decorrelation for Clustering and Classification},
  booktitle = {ECCV},
  pages     = {459--472},
  year      = {2012}
}

@inproceedings{eSVM,
  author    = {Tomasz Malisiewicz and
               Abhinav Gupta and
               Alexei A. Efros},
  title     = {Ensemble of exemplar-SVMs for object detection and beyond},
  booktitle = {{IEEE} International Conference on Computer Vision - ({ICCV}), Barcelona,
               Spain, November 6-13},
  pages     = {89--96},
  year      = {2011}
}

@article{bigGas,
  title={Reservoir {C}omputing {C}ompensates {S}low {R}esponse of {C}hemosensor {A}rrays {E}xposed to {F}ast {v}arying {G}as {C}oncentrations in {C}ontinuous {M}onitoring},
  author={Fonollosa, Jordi and Sheik, Sadique and Huerta, Ram{\'o}n and Marco, Santiago},
  journal={Sensors and Actuators B: Chemical},
  volume={215},
  pages={618--629},
  year={2015},
  publisher={Elsevier}
}

@book{duda2012pattern,
  title={Pattern {C}lassification},
  author={Duda, Richard O and Hart, Peter E and Stork, David G},
  year={2012},
  publisher={John Wiley \& Sons}
}

@article{fisher1936use,
  title={The {U}se of {M}ultiple {M}easurements in {T}axonomic {P}roblems},
  author={Fisher, Ronald A},
  journal={Annals of {E}ugenics},
  volume={7},
  number={2},
  pages={179--188},
  year={1936},
  publisher={Wiley Online Library}
}

@inproceedings{gabel2015monitoring,
  title={Monitoring {L}east {S}quares {M}odels of {D}istributed {S}treams},
  author={Gabel, Moshe and Keren, Daniel and Schuster, Assaf},
  booktitle={Proceedings of the 21th ACM {SIGKDD} {I}nternational {C}onference on {K}nowledge {D}iscovery and {D}ata {M}ining},
  pages={319--328},
  year={2015},
  organization={ACM}
}

@inproceedings{huang2007communication,
  title={Communication-efficient {o}nline {d}etection of {n}etwork-wide {a}nomalies},
  author={Huang, Ling and Nguyen, XuanLong and Garofalakis, Minos and Hellerstein, Joseph M and Jordan, Michael and Joseph, Anthony D and Taft, Nina and others},
  booktitle={26th {IEEE} {I}nternational {C}onference on {C}omputer {C}ommunications  ({INFOCOM})},
  pages={134--142},
  year={2007},
}

@inproceedings{kashyap2008efficient,
  title={Efficient {c}onstraint {m}onitoring {u}sing {a}daptive {t}hresholds},
  author={Kashyap, Srinivas and Ramamirtham, Jeyashankher and Rastogi, Rajeev and Shukla, Pushpraj},
  booktitle={{IEEE} 24th {I}nternational {C}onference on {D}ata {E}ngineering ({ICDE})},
  pages={526--535},
  year={2008},
}

@article{keren2012shape,
  title={Shape {s}ensitive {g}eometric {m}onitoring},
  author={Keren, Daniel and Sharfman, Izchak and Schuster, Assaf and Livne, Avishay},
  journal={IEEE Transactions on Knowledge and Data Engineering},
  volume={24},
  number={8},
  pages={1520--1535},
  year={2012},
  publisher={IEEE}
}


@article{keren2014geometric,
  title={Geometric {m}onitoring of {h}eterogeneous {s}treams},
  author={Keren, Daniel and Sagy, Guy and Abboud, Amir and Ben-David, David and Schuster, Assaf and Sharfman, Izchak and Deligiannakis, Antonios},
  journal={IEEE Transactions on Knowledge and Data Engineering},
  volume={26},
  number={8},
  pages={1890--1903},
  year={2014},
  publisher={IEEE}
}

@article{lazerson2015monitoring,
  title={Monitoring {d}istributed {s}treams {u}sing {c}onvex {d}ecompositions},
  author={Lazerson, Arnon and Sharfman, Izchak and Keren, Daniel and Schuster, Assaf and Garofalakis, Minos and Samoladas, Vasilis},
  journal={Proceedings of the VLDB Endowment},
  volume={8},
  number={5},
  pages={545--556},
  year={2015},
  publisher={VLDB Endowment}
}

@inproceedings{michel2005klee,
  title={Klee: A {f}ramework for {d}istributed {t}op-k {q}uery {a}lgorithms},
  author={Michel, Sebastian and Triantafillou, Peter and Weikum, Gerhard},
  booktitle={Proceedings of the 31st {I}nternational {C}onference on {V}ery {L}arge {D}atabases},
  pages={637--648},
  year={2005},
  organization={{VLDB} {E}ndowment}
}

@inproceedings{osadchy2015k,
  title={K-hyperplane {H}inge-{M}inimax {C}lassifier},
  author={Osadchy, Margarita and Hazan, Tamir and Keren, Daniel},
  booktitle={Proceedings of the 32nd {I}nternational {C}onference on {M}achine {L}earning ({ICML}-15)},
  pages={1558--1566},
  year={2015}
}

@Misc{powerSupply,
  author =       {Zhu, X.},
  title =        {Stream {D}ata {M}ining {R}epository},
  howpublished = {\url{http://www.cse.fau.edu/xqzhu/stream.html}},
  year =         {2010}
}

@inproceedings{shah2008handling,
  title={Handling {n}on-linear {p}olynomial {q}ueries over {d}ynamic {d}ata},
  author={Shah, Shetal and Ramamritham, Krithi},
  booktitle={IEEE 24th {I}nternational {C}onference on {D}ata {E}ngineering ({ICDE})},
  pages={1043--1052},
  year={2008},
  organization={IEEE}
}

@article{sharfman2007geometric,
  title={A {g}eometric {a}pproach to {m}onitoring {t}hreshold {f}unctions over {d}istributed {d}ata {s}treams},
  author={Sharfman, Izchak and Schuster, Assaf and Keren, Daniel},
  journal={ACM Transactions on Database Systems (TODS)},
  volume={32},
  number={4},
  pages={23},
  year={2007},
  publisher={ACM}
}

@article{tahmasebi2010application,
  title={Application of {d}iscriminant {a}nalysis for {a}lteration {s}eparation; 1{s}ungun {c}opper {d}eposit, {E}ast {A}zerbaijan, {I}ran},
  author={Tahmasebi, Pejman and Hezarkhani, Ardeshir and Mortazavi, Mojtaba},
  journal={Australian Journal of Basic and Applied Sciences},
  volume={6},
  number={4},
  pages={564--576},
  year={2010}
}

@article{turk1991eigenfaces,
  title={Eigenfaces for {r}ecognition},
  author={Turk, Matthew and Pentland, Alex},
  journal={Journal of {c}ognitive {n}euroscience},
  volume={3},
  number={1},
  pages={71--86},
  year={1991},
  publisher={MIT Press}
}


@inproceedings{usenet,
  title={An {E}nsemble of {C}lassifiers for {c}oping with {R}ecurring {C}ontexts in {D}ata {S}treams.},
  author={Katakis, Ioannis and Tsoumakas, Grigorios and Vlahavas, Ioannis P},
  booktitle={ECAI},
  pages={763--764},
  year={2008}
}

@inproceedings{keralapura2006communication,
  title={Communication-efficient {d}istributed {m}onitoring of {t}hresholded {c}ounts},
  author={Keralapura, Ram and Cormode, Graham and Ramamirtham, Jeyashankher},
  booktitle={Proceedings of the {SIGMOD} {I}nternational {C}onference on {M}anagement of {D{ata},
  pages={289--300},
  year={2006},
  organization={ACM}
}

@inproceedings{wang2015concept,
  title={Concept {D}rift {D}etection for {S}treaming {D}ata},
  author={Wang, Heng and Abraham, Zubin},
  booktitle={International {J}oint {C}onference on {N}eural {N}etworks ({IJCNN}) },
  pages={1--9},
  year={2015},
  organization={IEEE}
}



@inproceedings{wang2013concept,
  title={Concept {D}rift {D}etection for {O}nline {C}lass {I}mbalance {L}earning},
  author={Wang, Shuo and Minku, Leandro L and Ghezzi, Diego and Caltabiano, Daniele and Tino, Peter and Yao, Xin},
  booktitle={International {J}oint {C}onference on {N}eural {N}etworks ({IJCNN})},
  pages={1--10},
  year={2013},
  organization={IEEE}
}



@inproceedings{wang2015concept,
  title={Concept drift detection for streaming data},
  author={Wang, Heng and Abraham, Zubin},
  booktitle={Neural Networks (IJCNN), 2015 International Joint Conference on},
  pages={1--9},
  year={2015},
  organization={IEEE}
}
@book{brodsky2013nonparametric,
  title={Nonparametric Methods in Change Point Problems},
  author={Brodsky, E. and Darkhovsky, B.S.},
  series={Mathematics and Its Applications},
  year={2013},
  publisher={Springer Netherlands}
}
@book{ChenGupta2000,
author = "Chen, J. and Gupta, A. K.",
title = "Parametric Statistical change point analysis",
publisher = "Birkhauser",
year = "2000",
}

@inproceedings{icml2014c2_harel14,
    Publisher = {JMLR Workshop and Conference Proceedings},
    Title = {Concept Drift Detection Through Resampling},
    Author = {Maayan Harel and Shie Mannor and Ran El-yaniv and Koby Crammer},
    Editor = {Tony Jebara and Eric P. Xing},
    Year = {2014},
    Booktitle = {Proceedings of the 31st International Conference on Machine Learning (ICML-14)},
    Pages = {1009-1017}
   }




@inproceedings{eSVM,
  author    = {Tomasz Malisiewicz and
               Abhinav Gupta and
               Alexei A. Efros},
  title     = {Ensemble of exemplar-SVMs for object detection and beyond},
  booktitle = {{IEEE} International Conference on Computer Vision, {ICCV} 2011, Barcelona,
               Spain, November 6-13, 2011},
  pages     = {89--96},
  year      = {2011}
}


@techreport{Tsymbal,
    author = {Tsymbal, Alexey},
   journal = {Informe t\'{e}cnico: TCD-CS-2004-15, Departament of Computer Science Trinity College, Dublin},
    title = {The Problem of Concept Drift: Definitions and Related Work},
    year = {2004}
}


