@article{firstwork-foracks,
  title={Laban movement analysis using kinect},
  author={Bernstein, Ran and Shafir, Tal and Tsachor, Rachelle and Studd, Karen and Schuster, Assaf},
  journal={Int. J. Comput. Electr. Autom. Control Inform. Eng},
  volume={9},
  pages={1394--1398},
  year={2015}
}

@inproceedings{secondwork-foracks,
  title={Multitask learning for Laban movement analysis},
  author={Bernstein, Ran and Shafir, Tal  and Tsachor, Rachelle and Schuster ,Assaf and Karen, Studd},
  booktitle={Proceedings of the 2nd International Workshop on Movement and Computing},
  pages={37--44},
  year={2015},
  organization={ACM}
}