@book{studd,
author = {Studd, Karen and Cox, L},
title = {Evrybody is a body},
publisher = {Dogear publishing},
year = {2013}
}

@article{zhao2005acquiring,
  title={Acquiring and validating motion qualities from live limb gestures},
  author={Zhao, Liwei and Badler, Norman I},
  journal={Graphical Models},
  volume={67},
  number={1},
  pages={1--16},
  year={2005},
  publisher={Elsevier}
}

@incollection{masuda2009emotion,
  title={Emotion detection from body motion of human form robot based on laban movement analysis},
  author={Masuda, Megumi and Kato, Shohei and Itoh, Hidenori},
  booktitle={Principles of Practice in Multi-Agent Systems},
  pages={322--334},
  year={2009},
  publisher={Springer}
}

@article{gross2012effort,
  title={Effort-Shape and kinematic assessment of bodily expression of emotion during gait},
  author={Gross, M Melissa and Crane, Elizabeth A and Fredrickson, Barbara L},
  journal={Human movement science},
  volume={31},
  number={1},
  pages={202--221},
  year={2012},
  publisher={Elsevier}
}

@book{fernandes2014moving,
  title={The Moving Researcher: Laban/Bartenieff Movement Analysis in Performing Arts Education and Creative Arts Therapies},
  author={Fernandes, Ciane},
  year={2014},
  publisher={Jessica Kingsley Publishers}
}

@book{bartenieff1980body,
  title={Body movement: Coping with the environment},
  author={Bartenieff, Irmgard and Lewis, Dori},
  year={1980},
  publisher={Psychology Press}
}

@article{shafir2015emotion,
  title={Emotion regulation through movement: Unique sets of movement characteristics are associated with and enhance basic emotions},
  author={Shafir, Tal and Tsachor, Rachelle P and Welch, Kathleen B},
  journal={Frontiers in Psychology},
  volume={6},
  year={2015},
  publisher={Frontiers Media SA}
}

@article{cruz2014neural,
  title={Neural decoding of expressive human movement from scalp electroencephalography (EEG)},
  author={Cruz-Garza, Jesus G and Hernandez, Zachery R and Nepaul, Sargoon and Bradley, Karen K and Contreras-Vidal, Jose L},
  journal={Front. Hum. Neurosci},
  volume={8},
  number={188},
  year={2014}
}

@inproceedings{masuda2010motion,
  title={Motion rendering system for emotion expression of human form robots based on laban movement analysis},
  author={Masuda, Megumi and Kato, Shohei},
  booktitle={RO-MAN, 2010 IEEE},
  pages={324--329},
  year={2010},
  organization={IEEE}
}

@article{camurri2003recognizing,
  title={Recognizing emotion from dance movement: comparison of spectator recognition and automated techniques},
  author={Camurri, Antonio and Lagerl{\"o}f, Ingrid and Volpe, Gualtiero},
  journal={International journal of human-computer studies},
  volume={59},
  number={1},
  pages={213--225},
  year={2003},
  publisher={Elsevier}
}

@article{rett,
author = {Rett, Joerg and Dias, Jorge and Ahuactzin, Juan-Manuel},
title = {Laban Movement Analysis using a Bayesian model and perspective projections},
journal = {Brain, Vision and AI},
volume = {4},
number = {6},
pages = {978-953},
year = {2008}
},

@article{foroud2012consummatory,
  title={The consummatory origins of visually guided reaching in human infants: a dynamic integration of whole-body and upper-limb movements},
  author={Foroud, Afra and Whishaw, Ian},
  journal={Behavioural brain research},
  volume={231},
  number={2},
  pages={343--355},
  year={2012},
  publisher={Elsevier}
}

@article{Aristidou,
author = {Aristidou, Andreas and Stavrakis, Efstathios and Charalambous,Panayiotis and Chrysanthou, Yiorgos and Himona, Stephania Loizidou},
title = {Folk dance evaluation using Laban Movement Analysis},
journal = {Journal on Computing and Cultural Heritage (JOCCH)},
volume = {8},
number = {4},
pages = {20},
year = {2015}
},

@article{bernstein2015laban,
  title={Laban movement analysis using kinect},
  author={Bernstein, Ran and Shafir, Tal and Tsachor, Rachelle and Studd, Karen and Schuster, Assaf},
  journal={Int. J. Comput. Electr. Autom. Control Inform. Eng},
  volume={9},
  pages={1394--1398},
  year={2015}
}

@inproceedings{ran2015multitask,
  title={Multitask learning for Laban movement analysis},
  author={Bernstein, Ran and Shafir, Tal  and Tsachor, Rachelle and Schuster ,Assaf and Karen, Studd},
  booktitle={Proceedings of the 2nd International Workshop on Movement and Computing},
  pages={37--44},
  year={2015},
  organization={ACM}
}

@article{foroud2006changes,
  title={Changes in the kinematic structure and non-kinematic features of movements during skilled reaching after stroke: A laban movement analysis in two case studies},
  author={Foroud, Afra and Whishaw, Ian Q},
  journal={Journal of Neuroscience Methods},
  volume={158},
  number={1},
  pages={137--149},
  year={2006},
  publisher={Elsevier}
}

@article{fagan1997observing,
  title={Observing behavioral qualities},
  author={Fagan, Robert and Conitz, Jan and Kunibe, Elizabeth},
  journal={International Journal of Comparative Psychology},
  volume={10},
  number={4},
  year={1997}
}

@inproceedings{kapadia2013efficient,
  title={Efficient motion retrieval in large motion databases},
  author={Kapadia, Mubbasir and Chiang, I-kao and Thomas, Tiju and Badler, Norman I and Kider Jr, Joseph T and others},
  booktitle={Proceedings of the ACM SIGGRAPH Symposium on Interactive 3D Graphics and Games},
  pages={19--28},
  year={2013},
  organization={ACM}
}

@inproceedings{aristidou2013motion,
  title={Motion indexing of different emotional states using LMA components},
  author={Aristidou, Andreas and Chrysanthou, Yiorgos},
  booktitle={SIGGRAPH Asia 2013 Technical Briefs},
  pages={21},
  year={2013},
  organization={ACM}
}

@article{Swaminathan,

author = {Swaminathan, Dilip and Thornburg, Harvey and Mumford,

Jessica and Rajko, Stjepan and James, Jodi and Ingalls, Todd and Campana,

Ellen and Qian, Gang and Sampath, Pavithra and Peng, Bo},

title = {A dynamic Bayesian approach to computational Laban shape quality

analysis},

journal = {Adv. in Hum.-Comp. Int.},

volume = {2009},

pages = {1-17},

note = {1608868},

year = {2009}

}

@inproceedings{aristidou2015emotion,
  title={Emotion Analysis and Classification: Understanding the Performers' Emotions Using the LMA Entities},
  author={Aristidou, Andreas and Charalambous, Panayiotis and Chrysanthou, Yiorgos},
  booktitle={Computer Graphics Forum},
  volume={34},
  number={6},
  pages={262--276},
  year={2015},
  organization={Wiley Online Library}
}

@article{dott1995aesthetic,
  title={Aesthetic listening: Contributions of dance/movement therapy to the psychic understanding of motor stereotypes and distortions in autism and psychosis in childhood and adolescence},
  author={Dott, Leonella Parteli},
  journal={The Arts in Psychotherapy},
  volume={22},
  number={3},
  pages={241--247},
  year={1995},
  publisher={Elsevier}
}

@article{levy2003use,
  title={The Use of {L}aban Movement Analysis in the Study of Personality, Emotional State and Movement Style: An Exploratory Investigation of the Veridicality of" Body Language".},
  author={Levy, Jacqyln A and Duke, Marshall P},
  journal={Individual Differences Research},
  volume={1},
  number={1},
  year={2003}
}

@article{matias1996fast,
  title={Fast, efficient mutual and self simulations for shared memory and reconfigurable mesh},
  author={Matias, Yossi and Schuster, Assaf},
  journal={International Journal of Parallel, Emergent and Distributed Systems},
  volume={8},
  number={3-4},
  pages={195--221},
  year={1996},
  publisher={Taylor \& Francis}
},

@article{itzkovitz1999toward,
  title={Toward integration of data race detection in DSM systems},
  author={Itzkovitz, Ayal and Schuster, Assaf and Zeev-Ben-Mordehai, Oren},
  journal={Journal of Parallel and Distributed Computing},
  volume={59},
  number={2},
  pages={180--203},
  year={1999},
  publisher={Elsevier}
},

@inproceedings{silberstein2006scheduling,
  title={Scheduling mixed workloads in multi-grids: the grid execution hierarchy},
  author={Silberstein, Mark and Geiger, Dan and Schuster, Assaf and Livny, Miron},
  booktitle={High Performance Distributed Computing, 2006 15th IEEE International Symposium on},
  pages={291--302},
  year={2006},
  organization={IEEE}
},

@inproceedings{franccoise2014vocalizing,
  title={Vocalizing dance movement for interactive sonification of {L}aban {E}ffort factors},
  author={Fran{\c{c}}oise, Jules and Fdili Alaoui, Sarah and Schiphorst, Thecla and Bevilacqua, Fr{\'e}d{\'e}ric},
  booktitle={Proceedings of the 2014 conference on Designing interactive systems},
  pages={1079--1082},
  year={2014},
  organization={ACM}
},

@inproceedings{alaoui2012movement,
  title={Movement qualities as interaction modality},
  author={Alaoui, Sarah Fdili and Caramiaux, Baptiste and Serrano, Marcos and Bevilacqua, Fr{\'e}d{\'e}ric},
  booktitle={Proceedings of the Designing Interactive Systems Conference},
  pages={761--769},
  year={2012},
  organization={ACM}
},

@article{schiphorst2015movingstories,
  title={movingstories, {S}imon {F}raser {U}niversity},
  author={Schiphorst, Thecla and Pasquier, Philippe},
  journal={interactions},
  volume={22},
  number={1},
  pages={16--19},
  year={2015},
  publisher={ACM}
},

@inproceedings{alaoui2014choreography,
  title={Choreography as Mediated through Compositional Tools for Movement: Constructing A Historical Perspective},
  author={Alaoui, Sarah Fdili and Carlson, Kristin and Schiphorst, Thecla},
  booktitle={Proceedings of the 2014 International Workshop on Movement and Computing},
  pages={1},
  year={2014},
  organization={ACM}
 },

@inproceedings{chi2000emote,
  title={The EMOTE model for {E}ffort and {S}hape},
  author={Chi, Diane and Costa, Monica and Zhao, Liwei and Badler, Norman},
  booktitle={Proceedings of the 27th annual conference on Computer graphics and interactive techniques},
  pages={173--182},
  year={2000},
  organization={ACM Press/Addison-Wesley Publishing Co.}
},

@article{camurri2003application,
  title={Application of multimedia techniques in the physical rehabilitation of {P}arkinson's patients},
  author={Camurri, Antonio and Mazzarino, Barbara and Volpe, Gualtiero and Morasso, Pietro and Priano, Federica and Re, Cristina},
  journal={The Journal of Visualization and Computer Animation},
  volume={14},
  number={5},
  pages={269--278},
  year={2003},
  publisher={Wiley Online Library}
},

@article{lourens2010communicating,
  title={Communicating emotions and mental states to robots in a real time parallel framework using {L}aban movement analysis},
  author={Lourens, Tino and Van Berkel, Roos and Barakova, Emilia},
  journal={Robotics and Autonomous Systems},
  volume={58},
  number={12},
  pages={1256--1265},
  year={2010},
  publisher={Elsevier}
},

@inproceedings{samadani2013laban,
  title={Laban {E}ffort and {S}hape analysis of affective hand and arm movements},
  author={Samadani, Ali-Akbar and Burton, Sarahjane and Gorbet, Rob and Kulic, Dana},
  booktitle={Affective Computing and Intelligent Interaction (ACII), 2013 Humaine Association Conference on},
  pages={343--348},
  year={2013},
  organization={IEEE}
},

@inproceedings{nguyen2012online,
  title={Online Feedback System for Public Speakers},
  author={Nguyen, Anh-Tuan and Chen, Wei and Rauterberg, Matthias},
  booktitle={IEEE Symp. e-Learning, e-Management and e-Services},
  year={2012}
},

@article{Chen,

author = {Chen, J and Lin, W and Tsai, K and Dai, S},
title = {Analysis and evaluation of human movement based on laban

movement analysis},

journal = {Tamkang Journal of Science and Engineering},

volume = {13},

number = {3},

pages = {255-264},

year = {2011}

}

@article{foroud2003development,
  title={The development of roughness in the play fighting of rats: A {L}aban Movement Analysis perspective},
  author={Foroud, Afra and Pellis, Sergio M},
  journal={Developmental Psychobiology},
  volume={42},
  number={1},
  pages={35--43},
  year={2003},
  publisher={Wiley Online Library}
},

@article{pedregosa2011scikit,
  title={Scikit-learn: Machine learning in Python},
  author={Pedregosa, Fabian and Varoquaux, Gael et al.},
  journal={The Journal of Machine Learning Research},
  volume={12},
  pages={2825--2830},
  year={2011},
  publisher={JMLR. org}
},

@inproceedings{gabel2012full,
  title={Full body gait analysis with Kinect},
  author={Gabel, Moshe and Gilad-Bachrach, Ran and Renshaw, Erin and Schuster, Assaf},
  booktitle={Engineering in Medicine and Biology Society (EMBC), 2012 Annual International Conference of the IEEE},
  pages={1964--1967},
  year={2012},
  organization={IEEE}
},

@article{Rachelle,
  title={Laban/{B}artenieff based Somatic Movement Therapy:  One Practitioner's Methodology and Individual Case Studies.},
  author={Rachelle Tsachor},
  journal={In The Journal of Laban Movement Studies},
  volume={3},
  number={1},
  pages={20-53},
  year={2013},
},

@article{Laban,
  title={The {M}astery of {M}ovement},
  author={Laban, Rudolf and Ullmann, Lisa},
  year={1971},
  publisher={ERIC}
},

@inproceedings{Masuda,
  title={Motion rendering system for emotion expression of human form robots based on {L}aban movement analysis},
  author={Masuda, Megumi and Kato, Shohei},
  booktitle={RO-MAN, 2010},
  pages={324--329},
  year={2010},
  organization={IEEE}
},

@article{Zou,
  title={Regularization and variable selection via the elastic net},
  author={Zou, Hui and Hastie, Trevor},
  journal={Journal of the Royal Statistical Society: Series B (Statistical Methodology)},
  volume={67},
  number={2},
  pages={301--320},
  year={2005},
  publisher={Wiley Online Library}
},

@inproceedings{kim,
  title={{LMA} based emotional motion representation using RGB-D camera},
  author={Kim, Woo Hyun and Park, Jeong Woo and Lee, Won Hyong and Lee, Hui Sung and Chung, Myung Jin},
  booktitle={Proceedings of the 8th ACM/IEEE international conference on Human-robot interaction},
  pages={163--164},
  year={2013},
  organization={IEEE Press}
},

@article{shafir,
  title={Emotion regulation through execution, observation, and imagery of emotional movements},
  author={Shafir, Tal and Taylor, Stephan F and Atkinson, Anthony P and Langenecker, Scott A and Zubieta, Jon-Kar},
  journal={Brain and cognition},
  volume={82},
  number={2}, 
  pages={219--227},
  year={2013},
  publisher={Elsevier}
},

@misc{Tsachor,
  title={{S}omething in the {W}ay {S}he Moves... {U}nique {S}ets of {M}ovement {C}haracteristics are 
  {A}ssociated with and {E}nhance {S}pecific {E}motions. {P}oster {P}resented for the {I}nternational 
  {C}onvention of {P}sychological {S}cience ({ICPS})},
  author={Shafir, Tal and Tsachor, Rachelle},
  journal={International Convention of Psychological Science (ICPS)},
  year={2015},
},

@article{caruana1997multitask,
  title={Multitask learning},
  author={Caruana, Rich},
  journal={Machine learning},
  volume={28},
  number={1},
  pages={41--75},
  year={1997},
  publisher={Springer}
},

@inproceedings{Zacharatos,
  title={Emotion Recognition for Exergames using {L}aban Movement Analysis},
  author={Zacharatos, Haris and Gatzoulis, Christos and Chrysanthou, Yiorgos and Aristidou, Andreas},
  booktitle={Proceedings of the Motion on Games},
  pages={39--44},
  year={2013},
  organization={ACM}
},

@misc{labanTree,
      title={http://www.laban-movement-analyses.be}
},

@article{lasso,
author = {Tibshirani, Robert},
title = {Regression shrinkage and selection via the lasso},
journal = {Journal of the Royal Statistical Society. Series B (Methodological)},
pages = {267-288},
year = {1996}
}


@article{AngGZPH13,
  author = {Ang, Hock Hee and Gopalkrishnan, Vivekanand and Zliobaite, Indre and Pechenizkiy, Mykola and Hoi, Steven C. H.},
  journal = {IEEE Trans. Knowl. Data Eng.},
  number = 10,
  pages = {2343-2355},
  title = {Predictive Handling of Asynchronous Concept Drifts in Distributed Environments.},
  volume = 25,
  year = 2013
}

@inproceedings{baena2006early,
  title={Early drift detection method},
  author={Baena-Garcia, Manuel and del Campo-{A}vila, Jos{e} and Fidalgo, Ra{u}l and Bifet, Albert and Gavalda, R and Morales-Bueno, R},
  booktitle={Fourth International Workshop on Knowledge Discovery from Data Streams},
  volume={6},
  pages={77--86},
  year={2006}
}

@inproceedings{nishida2007detecting,
  title={Detecting concept drift using statistical testing},
  author={Nishida, Kyosuke and Yamauchi, Koichiro},
  booktitle={International conference on discovery science},
  pages={264--269},
  year={2007},
  organization={Springer}
}

@incollection{gama2004learning,
  title={Learning with {d}rift {d}etection},
  author={Gama, Joao and Medas, Pedro and Castillo, Gladys and Rodrigues, Pedro},
  booktitle={Advances in {a}rtificial {i}ntelligence--{SBIA}},
  pages={286--295},
  year={2004},
  publisher={Springer}
}

@inproceedings{ROSS,
  author    = {Ross B. Girshick and
               Jeff Donahue and
               Trevor Darrell and
               Jitendra Malik},
  title     = {Rich Feature Hierarchies for Accurate Object Detection and Semantic
               Segmentation},
  booktitle = {{IEEE} Conference on Computer Vision and Pattern Recognition,
               ({CVPR}), Columbus, OH, USA, June 23-28, 2014},
  pages     = {580--587},
  year      = {2014}
}



@inproceedings{klinkenberg2000detecting,
  title={Detecting Concept Drift with Support Vector Machines.},
  author={Klinkenberg, Ralf and Joachims, Thorsten},
  booktitle={ICML},
  pages={487--494},
  year={2000}
}

@article{dries2009adaptive,
  title={Adaptive concept drift detection},
  author={Dries, Anton and R{\"u}ckert, Ulrich},
  journal={Statistical Analysis and Data Mining: The ASA Data Science Journal},
  volume={2},
  number={5-6},
  pages={311--327},
  year={2009},
  publisher={Wiley Online Library}
}

@inproceedings{Deva,
  author    = {Bharath Hariharan and
               Jitendra Malik and
               Deva Ramanan},
  title     = {Discriminative Decorrelation for Clustering and Classification},
  booktitle = {ECCV},
  pages     = {459--472},
  year      = {2012}
}

@inproceedings{eSVM,
  author    = {Tomasz Malisiewicz and
               Abhinav Gupta and
               Alexei A. Efros},
  title     = {Ensemble of exemplar-SVMs for object detection and beyond},
  booktitle = {{IEEE} International Conference on Computer Vision - ({ICCV}), Barcelona,
               Spain, November 6-13},
  pages     = {89--96},
  year      = {2011}
}

@article{bigGas,
  title={Reservoir {C}omputing {C}ompensates {S}low {R}esponse of {C}hemosensor {A}rrays {E}xposed to {F}ast {v}arying {G}as {C}oncentrations in {C}ontinuous {M}onitoring},
  author={Fonollosa, Jordi and Sheik, Sadique and Huerta, Ram{\'o}n and Marco, Santiago},
  journal={Sensors and Actuators B: Chemical},
  volume={215},
  pages={618--629},
  year={2015},
  publisher={Elsevier}
}

@book{duda2012pattern,
  title={Pattern {C}lassification},
  author={Duda, Richard O and Hart, Peter E and Stork, David G},
  year={2012},
  publisher={John Wiley \& Sons}
}

@article{fisher1936use,
  title={The {U}se of {M}ultiple {M}easurements in {T}axonomic {P}roblems},
  author={Fisher, Ronald A},
  journal={Annals of {E}ugenics},
  volume={7},
  number={2},
  pages={179--188},
  year={1936},
  publisher={Wiley Online Library}
}

@inproceedings{gabel2015monitoring,
  title={Monitoring {L}east {S}quares {M}odels of {D}istributed {S}treams},
  author={Gabel, Moshe and Keren, Daniel and Schuster, Assaf},
  booktitle={Proceedings of the 21th ACM {SIGKDD} {I}nternational {C}onference on {K}nowledge {D}iscovery and {D}ata {M}ining},
  pages={319--328},
  year={2015},
  organization={ACM}
}

@inproceedings{huang2007communication,
  title={Communication-efficient {o}nline {d}etection of {n}etwork-wide {a}nomalies},
  author={Huang, Ling and Nguyen, XuanLong and Garofalakis, Minos and Hellerstein, Joseph M and Jordan, Michael and Joseph, Anthony D and Taft, Nina and others},
  booktitle={26th {IEEE} {I}nternational {C}onference on {C}omputer {C}ommunications  ({INFOCOM})},
  pages={134--142},
  year={2007},
}

@inproceedings{kashyap2008efficient,
  title={Efficient {c}onstraint {m}onitoring {u}sing {a}daptive {t}hresholds},
  author={Kashyap, Srinivas and Ramamirtham, Jeyashankher and Rastogi, Rajeev and Shukla, Pushpraj},
  booktitle={{IEEE} 24th {I}nternational {C}onference on {D}ata {E}ngineering ({ICDE})},
  pages={526--535},
  year={2008},
}

@article{keren2012shape,
  title={Shape {s}ensitive {g}eometric {m}onitoring},
  author={Keren, Daniel and Sharfman, Izchak and Schuster, Assaf and Livne, Avishay},
  journal={IEEE Transactions on Knowledge and Data Engineering},
  volume={24},
  number={8},
  pages={1520--1535},
  year={2012},
  publisher={IEEE}
}


@article{keren2014geometric,
  title={Geometric {m}onitoring of {h}eterogeneous {s}treams},
  author={Keren, Daniel and Sagy, Guy and Abboud, Amir and Ben-David, David and Schuster, Assaf and Sharfman, Izchak and Deligiannakis, Antonios},
  journal={IEEE Transactions on Knowledge and Data Engineering},
  volume={26},
  number={8},
  pages={1890--1903},
  year={2014},
  publisher={IEEE}
}

@article{lazerson2015monitoring,
  title={Monitoring {d}istributed {s}treams {u}sing {c}onvex {d}ecompositions},
  author={Lazerson, Arnon and Sharfman, Izchak and Keren, Daniel and Schuster, Assaf and Garofalakis, Minos and Samoladas, Vasilis},
  journal={Proceedings of the VLDB Endowment},
  volume={8},
  number={5},
  pages={545--556},
  year={2015},
  publisher={VLDB Endowment}
}

@inproceedings{michel2005klee,
  title={Klee: A {f}ramework for {d}istributed {t}op-k {q}uery {a}lgorithms},
  author={Michel, Sebastian and Triantafillou, Peter and Weikum, Gerhard},
  booktitle={Proceedings of the 31st {I}nternational {C}onference on {V}ery {L}arge {D}atabases},
  pages={637--648},
  year={2005},
  organization={{VLDB} {E}ndowment}
}

@inproceedings{osadchy2015k,
  title={K-hyperplane {H}inge-{M}inimax {C}lassifier},
  author={Osadchy, Margarita and Hazan, Tamir and Keren, Daniel},
  booktitle={Proceedings of the 32nd {I}nternational {C}onference on {M}achine {L}earning ({ICML}-15)},
  pages={1558--1566},
  year={2015}
}

@Misc{powerSupply,
  author =       {Zhu, X.},
  title =        {Stream {D}ata {M}ining {R}epository},
  howpublished = {\url{http://www.cse.fau.edu/xqzhu/stream.html}},
  year =         {2010}
}

@inproceedings{shah2008handling,
  title={Handling {n}on-linear {p}olynomial {q}ueries over {d}ynamic {d}ata},
  author={Shah, Shetal and Ramamritham, Krithi},
  booktitle={IEEE 24th {I}nternational {C}onference on {D}ata {E}ngineering ({ICDE})},
  pages={1043--1052},
  year={2008},
  organization={IEEE}
}

@article{sharfman2007geometric,
  title={A {g}eometric {a}pproach to {m}onitoring {t}hreshold {f}unctions over {d}istributed {d}ata {s}treams},
  author={Sharfman, Izchak and Schuster, Assaf and Keren, Daniel},
  journal={ACM Transactions on Database Systems (TODS)},
  volume={32},
  number={4},
  pages={23},
  year={2007},
  publisher={ACM}
}

@article{tahmasebi2010application,
  title={Application of {d}iscriminant {a}nalysis for {a}lteration {s}eparation; 1{s}ungun {c}opper {d}eposit, {E}ast {A}zerbaijan, {I}ran},
  author={Tahmasebi, Pejman and Hezarkhani, Ardeshir and Mortazavi, Mojtaba},
  journal={Australian Journal of Basic and Applied Sciences},
  volume={6},
  number={4},
  pages={564--576},
  year={2010}
}

@article{turk1991eigenfaces,
  title={Eigenfaces for {r}ecognition},
  author={Turk, Matthew and Pentland, Alex},
  journal={Journal of {c}ognitive {n}euroscience},
  volume={3},
  number={1},
  pages={71--86},
  year={1991},
  publisher={MIT Press}
}


@inproceedings{usenet,
  title={An {E}nsemble of {C}lassifiers for {c}oping with {R}ecurring {C}ontexts in {D}ata {S}treams.},
  author={Katakis, Ioannis and Tsoumakas, Grigorios and Vlahavas, Ioannis P},
  booktitle={ECAI},
  pages={763--764},
  year={2008}
}

@inproceedings{keralapura2006communication,
  title={Communication-efficient {d}istributed {m}onitoring of {t}hresholded {c}ounts},
  author={Keralapura, Ram and Cormode, Graham and Ramamirtham, Jeyashankher},
  booktitle={Proceedings of the {SIGMOD} {I}nternational {C}onference on {M}anagement of {D{ata},
  pages={289--300},
  year={2006},
  organization={ACM}
}

@inproceedings{wang2015concept,
  title={Concept {D}rift {D}etection for {S}treaming {D}ata},
  author={Wang, Heng and Abraham, Zubin},
  booktitle={International {J}oint {C}onference on {N}eural {N}etworks ({IJCNN}) },
  pages={1--9},
  year={2015},
  organization={IEEE}
}



@inproceedings{wang2013concept,
  title={Concept {D}rift {D}etection for {O}nline {C}lass {I}mbalance {L}earning},
  author={Wang, Shuo and Minku, Leandro L and Ghezzi, Diego and Caltabiano, Daniele and Tino, Peter and Yao, Xin},
  booktitle={International {J}oint {C}onference on {N}eural {N}etworks ({IJCNN})},
  pages={1--10},
  year={2013},
  organization={IEEE}
}



@inproceedings{wang2015concept,
  title={Concept drift detection for streaming data},
  author={Wang, Heng and Abraham, Zubin},
  booktitle={Neural Networks (IJCNN), 2015 International Joint Conference on},
  pages={1--9},
  year={2015},
  organization={IEEE}
}
@book{brodsky2013nonparametric,
  title={Nonparametric Methods in Change Point Problems},
  author={Brodsky, E. and Darkhovsky, B.S.},
  series={Mathematics and Its Applications},
  year={2013},
  publisher={Springer Netherlands}
}
@book{ChenGupta2000,
author = "Chen, J. and Gupta, A. K.",
title = "Parametric Statistical change point analysis",
publisher = "Birkhauser",
year = "2000",
}

@inproceedings{icml2014c2_harel14,
    Publisher = {JMLR Workshop and Conference Proceedings},
    Title = {Concept Drift Detection Through Resampling},
    Author = {Maayan Harel and Shie Mannor and Ran El-yaniv and Koby Crammer},
    Editor = {Tony Jebara and Eric P. Xing},
    Year = {2014},
    Booktitle = {Proceedings of the 31st International Conference on Machine Learning (ICML-14)},
    Pages = {1009-1017}
   }




@inproceedings{eSVM,
  author    = {Tomasz Malisiewicz and
               Abhinav Gupta and
               Alexei A. Efros},
  title     = {Ensemble of exemplar-SVMs for object detection and beyond},
  booktitle = {{IEEE} International Conference on Computer Vision, {ICCV} 2011, Barcelona,
               Spain, November 6-13, 2011},
  pages     = {89--96},
  year      = {2011}
}


@techreport{Tsymbal,
    author = {Tsymbal, Alexey},
   journal = {Informe t\'{e}cnico: TCD-CS-2004-15, Departament of Computer Science Trinity College, Dublin},
    title = {The Problem of Concept Drift: Definitions and Related Work},
    year = {2004}
}



